@book {Riehl,
    AUTHOR = {Riehl, Emily},
     TITLE = {Category theory in context},
 PUBLISHER = {Dover Publications, Inc., Mineola, NY},
      YEAR = {2016},
}

@book {Steenrod,
    AUTHOR = {Steenrod, Norman},
     TITLE = {The topology of fibre bundles},
    SERIES = {Princeton Landmarks in Mathematics},
      NOTE = {Reprint of the 1957 edition,
              Princeton Paperbacks},
 PUBLISHER = {Princeton University Press, Princeton, NJ},
      YEAR = {1999},
     PAGES = {viii+229},
      ISBN = {0-691-00548-6},
}

@book {Milnor-Morse,
    AUTHOR = {Milnor, J.},
     TITLE = {Morse theory},
    SERIES = {Annals of Mathematics Studies, No. 51},
      NOTE = {Based on lecture notes by M. Spivak and R. Wells},
 PUBLISHER = {Princeton University Press, Princeton, NJ},
      YEAR = {1963},
     PAGES = {vi+153},
   MRCLASS = {57.50 (53.72)},
  MRNUMBER = {163331},
MRREVIEWER = {H. I. Levine},
}

@book {Milnor-h-cobordism,
    AUTHOR = {Milnor, John},
     TITLE = {Lectures on the {$h$}-cobordism theorem},
      NOTE = {Notes by L. Siebenmann and J. Sondow},
 PUBLISHER = {Princeton University Press, Princeton, NJ},
      YEAR = {1965},
     PAGES = {v+116},
   MRCLASS = {57.10},
  MRNUMBER = {190942},
MRREVIEWER = {P. E. Conner},
}

@book {Hirsch,
    AUTHOR = {Hirsch, Morris W.},
     TITLE = {Differential topology},
    SERIES = {Graduate Texts in Mathematics},
    VOLUME = {33},
      NOTE = {Corrected reprint of the 1976 original},
 PUBLISHER = {Springer-Verlag, New York},
      YEAR = {1994},
     PAGES = {x+222},
      ISBN = {0-387-90148-5},
   MRCLASS = {57-01 (58-01)},
  MRNUMBER = {1336822},
}


@book {LeeSM,
    AUTHOR = {Lee, John M.},
     TITLE = {Introduction to smooth manifolds},
    SERIES = {Graduate Texts in Mathematics},
    VOLUME = {218},
   EDITION = {Second},
 PUBLISHER = {Springer, New York},
      YEAR = {2013},
     PAGES = {xvi+708},
      ISBN = {978-1-4419-9981-8},
   MRCLASS = {58-01 (53-01 57-01)},
  MRNUMBER = {2954043},
}

@book {KMS,
    AUTHOR = {Kol\'{a}\v{r}, Ivan and Michor, Peter W. and Slov\'{a}k, Jan},
     TITLE = {Natural operations in differential geometry},
 PUBLISHER = {Springer-Verlag, Berlin},
      YEAR = {1993},
     PAGES = {vi+434},
      ISBN = {3-540-56235-4},
}

@book {GG,
    AUTHOR = {Golubitsky, M. and Guillemin, V.},
     TITLE = {Stable mappings and their singularities},
    SERIES = {Graduate Texts in Mathematics, Vol. 14},
 PUBLISHER = {Springer-Verlag, New York-Heidelberg},
      YEAR = {1973},
     PAGES = {x+209},
}
