@book{Farb-Margalit,
 ISBN = {9780691147949},
 URL = {http://www.jstor.org/stable/j.ctt7rkjw},
 author = {Benson Farb and Dan Margalit},
 publisher = {Princeton University Press},
 title = {A Primer on Mapping Class Groups (PMS-49)},
 urldate = {2024-12-28},
 year = {2012}
}


@book {Bredon,
    AUTHOR = {Bredon, Glen E.},
     TITLE = {Topology and geometry},
    SERIES = {Graduate Texts in Mathematics},
    VOLUME = {139},
 PUBLISHER = {Springer-Verlag, New York},
      YEAR = {1993},
     PAGES = {xiv+557},
      ISBN = {0-387-97926-3},
}

@book {Hirsch,
    AUTHOR = {Hirsch, Morris W.},
     TITLE = {Differential topology},
    SERIES = {Graduate Texts in Mathematics},
    VOLUME = {33},
      YEAR = {1976},
 PUBLISHER = {Springer-Verlag, New York},
     PAGES = {x+230},
      ISBN = {978-0-387-90148-0},
}

@book {Kosinski,
    AUTHOR = {Kosinski, Antoni A.},
     TITLE = {Differential manifolds},
    SERIES = {Pure and Applied Mathematics},
    VOLUME = {138},
 PUBLISHER = {Academic Press, Inc., Boston, MA},
      YEAR = {1993},
     PAGES = {xvi+248},
      ISBN = {0-12-421850-4},
   MRCLASS = {57-02},
  MRNUMBER = {1190010},
MRREVIEWER = {Ian Hambleton},
}

@book {Milnor,
    AUTHOR = {Milnor, John W.},
     TITLE = {Topology from the differentiable viewpoint},
    SERIES = {Princeton Landmarks in Mathematics},
      NOTE = {Based on notes by David W. Weaver,
              Revised reprint of the 1965 original},
 PUBLISHER = {Princeton University Press, Princeton, NJ},
      YEAR = {1997},
     PAGES = {xii+64},
      ISBN = {0-691-04833-9},
   MRCLASS = {57Rxx},
  MRNUMBER = {1487640},
}

@book {Thurston,
    AUTHOR = {Thurston, William P.},
     TITLE = {Three-dimensional geometry and topology. {V}ol. 1},
    SERIES = {Princeton Mathematical Series},
    VOLUME = {35},
      NOTE = {Edited by Silvio Levy},
 PUBLISHER = {Princeton University Press, Princeton, NJ},
      YEAR = {1997},
     PAGES = {x+311},
      ISBN = {0-691-08304-5},
   MRCLASS = {57M50 (53A35 57M25 57M60 57N10)},
  MRNUMBER = {1435975},
MRREVIEWER = {Athanase Papadopoulos},
}

@online{Wilton,
    author    = "Henry Wilton",
    title     = "Mapping Class Groups",
    url       = "https://www.dpmms.cam.ac.uk/~hjrw2/MCG%20lectures.pdf"
}

@book {Hatcher,
    AUTHOR = {Hatcher, Allen},
     TITLE = {Algebraic topology},
 PUBLISHER = {Cambridge University Press, Cambridge},
      YEAR = {2002},
     PAGES = {xii+544},
      ISBN = {0-521-79160-X; 0-521-79540-0},
   MRCLASS = {55-01 (55-00)},
  MRNUMBER = {1867354},
MRREVIEWER = {Donald W. Kahn},
}


@book {Calegari,
    AUTHOR = {Calegari, Danny},
     TITLE = {Foliations and the geometry of 3-manifolds},
    SERIES = {Oxford Mathematical Monographs},
 PUBLISHER = {Oxford University Press, Oxford},
      YEAR = {2007},
     PAGES = {xiv+363},
      ISBN = {978-0-19-857008-0},
   MRCLASS = {57R30 (37C85 57M50 57N10)},
  MRNUMBER = {2327361},
MRREVIEWER = {Thilo Kuessner},
}


@book {LeeTM,
    AUTHOR = {Lee, John M.},
     TITLE = {Introduction to topological manifolds},
    SERIES = {Graduate Texts in Mathematics},
    VOLUME = {202},
   EDITION = {Second},
 PUBLISHER = {Springer, New York},
      YEAR = {2011},
     PAGES = {xviii+433},
      ISBN = {978-1-4419-7939-1},
   MRCLASS = {57-01 (54-01 55-01)},
  MRNUMBER = {2766102},
       DOI = {10.1007/978-1-4419-7940-7},
       URL = {https://doi.org/10.1007/978-1-4419-7940-7},
}

@book {LeeSM,
    AUTHOR = {Lee, John M.},
     TITLE = {Introduction to smooth manifolds},
    SERIES = {Graduate Texts in Mathematics},
    VOLUME = {218},
   EDITION = {Second},
 PUBLISHER = {Springer, New York},
      YEAR = {2013},
     PAGES = {xvi+708},
      ISBN = {978-1-4419-9981-8},
   MRCLASS = {58-01 (53-01 57-01)},
  MRNUMBER = {2954043},
}

@book {Munkres,
    AUTHOR = {Munkres, James R.},
     TITLE = {Topology},
      NOTE = {Second edition},
 PUBLISHER = {Prentice Hall, Inc., Upper Saddle River, NJ},
      YEAR = {2000},
     PAGES = {xvi+537},
      ISBN = {0-13-181629-2},
   MRCLASS = {54-01},
  MRNUMBER = {3728284},
}

@MISC{StSz,
   AUTHOR  = {Stukow, Michał AND Szepietowski, Błażej},
   TITLE   = {Geometric representations of the braid group on a nonorientable surface},
   YEAR    = {2024},
   DOI = {10.48550/arXiv.2408.04707}
}

@MISC{Harr-Vistrup-Wahl,
   AUTHOR  = {Harr, Oscar AND Vistrup, Max AND Wahl, Nathalie},
   TITLE   = {Disordered arcs and Harer stability},
   YEAR    = {2022},
   DOI = {10.48550/arXiv.2211.03858}
}

@article {Wahl-Randal-Williams,
    AUTHOR = {Wahl, Nathalie AND Randal-Williams, Oscar},
     TITLE = {Homological stability for automorphism groups},
   JOURNAL = {Adv. Math.},
  FJOURNAL = {Advances in Mathematics},
    VOLUME = {318},
      YEAR = {2017},
       DOI = {10.1016/j.aim.2017.07.022},
       URL = {https://doi.org/10.1016/j.aim.2017.07.022},
}

@article {Galatius-Kupers-Randal-Williams,
    AUTHOR = {Galatius, Søren AND Kupers, Alexander AND Randal-Williams, Oscar},
     TITLE = {$E_2$-Cells and Mapping Class Groups},
   JOURNAL = {Publ. Math. Inst. Hautes Études Sci.   130 (2019), 1–61.},
    VOLUME = {130},
      YEAR = {2018},
       DOI = {10.48550/arXiv.1805.07187},
}

@book {Weeks,
    AUTHOR = {Weeks, Jeffrey R.},
     TITLE = {The shape of space},
    SERIES = {Monographs and Textbooks in Pure and Applied Mathematics},
    VOLUME = {249},
   EDITION = {Second},
 PUBLISHER = {Marcel Dekker, Inc., New York},
      YEAR = {2002},
      ISBN = {0-8247-0709-5},
}

@article {Joyal,
    AUTHOR = {Joyal, André AND Street, Ross},
     TITLE = {Braided tensor categories},
   JOURNAL = {Adv. Math.},
  FJOURNAL = {Advances in Mathematics},
    VOLUME = {102},
      YEAR = {1993},
    NUMBER = {1},
     PAGES = {20--78},
      ISSN = {0001-8708},
       DOI = {10.1006/aima.1993.1055},
}


@book{Hempel,
  title={3-Manifolds},
  author={Hempel, J.},
  isbn={9780821836958},
  series={AMS Chelsea Publishing Series},
  year={2004},
  publisher={AMS Chelsea Pub., American Mathematical Society}
}



Kære Søren,

Beklager den lange mail - håber, det er okay.
Jeg håber en dag at flytte til USA for at arbejde indenfor akademia i matematik. Idet du jo har arbejdet på begge kontinenter og er flyttet til USA nu, tænkte jeg, at det måske ville være en god ide at spørge dig om noget, som jeg har tænkt over i noget tid nu.

Jeg står i en situation, hvor jeg skal vælge mellem at studere min kandidat på Bonn i Tyskland eller Oxford i England - jeg færdiggjorde min bachelor i Danmark.
Kandidaten på Oxford ville passe bedre med mit personlige liv, men de har desværre en ret lille kursuskatalog og ingen advancerede kurser indenfor mit interessefelt. Desuden er kandidaten er også kun ét år.

Jeg har tænkt over, hvorvidt Ph.D komitéerne i USA prioriterer, at man har haft et større udvalg af advancerede kurser på en længere kandidat, såsom i Tyskland, eller hvorvidt den del måske ikke er så vigtig. Begge universiteter har professorer, jeg rigtig gerne vil arbejde med indenfor mit interessefelt - Tyskland har bare flere advancerede kurser, som virker spændende for mig, men passer også desværre dårligere med personlige forhold.

Mit indtryk fra folk, jeg har talt med, har været, at komitéer prioriterer ting såsom dissertations og letters of recommendation langt mere en kurser, men jeg tænkte, det ikke ville gøre ondt at spørge dig, hvis det nu var, at dit indtryk har været anderledes.

Håber, det er okay, jeg spørger, og mange tak for hjælpen! Beklager igen for den lange mail.

Hilsen,
Jonas

ferdinand.wagner@uni-bonn.de
