@book{Munkres,
    title = {Topology},
    author = {James Munkres},
}

@book{JW,
    title = {Dessins d'enfants on Riemann Surfaces},
    author = {Gareth A. Jones; Jürgen Wolfart},
}

@book{Girondo-Gonzalez-Diez,
    title = {Introduction to Compact
            Riemann Surfaces and Dessins
            d'Enfants},
    author = {Girondo, Ernesto and Gonzalez-Diez, Gabino},
}

@article{Albar-Al-Hamdan,
    author = {Albar, M. and Al-Hamdan, W.},
    title = {The triangle groups},
    journal = {Rendiconti del Seminario Matematico della Università di Padova, Volume 89, pp. 103-111},
    year = 1993
}

@article{Harvey,
    author = {Harvey, W.J.},
    title = {Cyclic Groups of Automorphisms of a Compact
            Riemann Surface},
    journal = {The Quarterly Journal of Mathematics, Volume 17, Issue 1, Pages 86–97},
    year = 1996
}


@article{Radó,
    author = {Vîjîtu, Viorel},
    title = {A Radó theorem for complex spaces},
    year = 2010,
    URL = {https://arxiv.org/pdf/2101.03596}
}